<?xml version="1.0" encoding="UTF-8"?><collection xmlns="http://www.loc.gov/MARC21/slim"><record><leader>00499nam--2200181-i-4500</leader><controlfield tag="001">000028216</controlfield><controlfield tag="002">20161230</controlfield><controlfield tag="005">20161230201037</controlfield><controlfield tag="008">060222s1000------------r-----000-0-ita-d</controlfield><datafield ind1=" " ind2=" " tag="040"><subfield code="a">IFIN-HH</subfield></datafield><datafield ind1=" " ind2=" " tag="041"><subfield code="a">ita</subfield></datafield><datafield ind1=" " ind2=" " tag="080"><subfield code="a">53(07)</subfield></datafield><datafield ind1="1" ind2=" " tag="100"><subfield code="a">Kitaigorodski, A.I</subfield></datafield><datafield ind1="1" ind2="0" tag="245"><subfield code="a">Introduccion a la fisica. traducido del ruso por el ingeniero antonio molina garcia</subfield><subfield code="c">A.i. kitaigorodski</subfield></datafield><datafield ind1=" " ind2=" " tag="260"><subfield code="a">Moscu</subfield><subfield code="b">Editorial Mir</subfield><subfield code="c">1975</subfield></datafield><datafield ind1=" " ind2=" " tag="300"><subfield code="a">803P</subfield></datafield><datafield ind1=" " ind2=" " tag="852"><subfield code="a">43251</subfield><subfield code="c">53</subfield></datafield><datafield ind1=" " ind2=" " tag="CAT"><subfield code="a">Sys</subfield><subfield code="c">20150324</subfield><subfield code="h">093330</subfield></datafield></record></collection>